@article{MobilityIndexGIS,
	title = "Using GSM CellID Positioning for Place Discovering",
	author = "Filipe Meneses, Adriano Moreira ",
	journal = "Pervasive Health Conference and Workshops ",
	year = "2006",
	doi = "10.1109/PCTHEALTH.2006.361692",
	url = "http://ieeexplore.ieee.org/abstract/document/4205183/"
}

@article{HumanMobility1,
	title = "On the Levy-walk Nature of Human Mobility",
	author = "Injong Rhee, Minsu Shin",
	journal = "IEEE/ACM Transactions on Networking (TON)",
	year = "2011",
	doi = "10.1109/TNET.2011.2120618",
	url = "http://dl.acm.org/citation.cfm?id=2042974"
}

@article{HumanMobility2,
	title = "Walking Distance by Trip Purpose and Population Subgroups",
	author = "Yong Yang",
	journal = "PMC",
	year = "2013",
	doi = "10.1016/j.amepre.2012.03.015",
	url = "https://www.ncbi.nlm.nih.gov/pmc/articles/PMC3377942/pdf/nihms369465.pdf"
}

@article{HumanMobility2,
	title = "Most older pedestrians are unable to cross
	the road in time: a cross-sectional study",
	author = "LAURA ASHER",
	journal = "Oxford University Press",
	year = "2012",
	doi = "10.1093/ageing/afs076",
	url = "https://academic.oup.com/ageing/article/41/5/690/47318/Most-older-pedestrians-are-unable-to-cross-the"
}

@online{clusteringDef,
	title = "Cluster analysis",
	url = "https://en.wikipedia.org/wiki/Cluster_analysis",
	urldate ="2017-06-16"
}

@online{dbscan_on_spark,
	author = "Irving Cordova",
	title = "DBSCAN on Spark",
	url = "https://github.com/irvingc/dbscan-on-spark",
	urldate ="2017-06-18"
}

@online{vis_dbscan_on_spark,
	author = "Irving Cordova",
	title = "Visualizing DBSCAN on Spark",
	url = "http://www.irvingc.com/visualizing-dbscan",
	urldate ="2017-06-18"
}


@online{spark,
	title = {Apache Spark},
	url = {https://spark.apache.org/},
	urldate = {2017-06-18}
}
@article{kelly2008mathematics,
  title={The mathematics of traffic in networks},
  author={Kelly, Frank},
  journal={The Princeton companion to mathematics},
  volume={1},
  number={1},
  pages={862--870},
  year={2008},
  publisher={Princeton University Press Princeton}
}


