@article{LocPos1,
	title = "Location-Based Services",
	author = "Aleksander Buczkowski",
	journal = "Geoawesomeness",
	year = "2012",
	url = "http://geoawesomeness.com/knowledge-base/location-based-services/",
}

@article{LocPos2,
	title = "GPS Everywhere â€“ Location-Based Services",
	author = "Julia F. Kost",
	journal = "Move-Forward",
	year = "2015",
	url = "https://www.move-forward.com/gps-everywhere-location-based-services/",
}


@article{MobilityIndexGIS,
	title = "Using GSM CellID Positioning for Place Discovering",
	author = "Filipe Meneses, Adriano Moreira ",
	journal = "Pervasive Health Conference and Workshops ",
	year = "2006",
	doi = "10.1109/PCTHEALTH.2006.361692",
	url = "http://ieeexplore.ieee.org/abstract/document/4205183/",
}

@article{HumanMobility1,
	title = "On the Levy-walk Nature of Human Mobility",
	author = "Injong Rhee, Minsu Shin",
	journal = "IEEE/ACM Transactions on Networking (TON)",
	year = "2011",
	doi = "10.1109/TNET.2011.2120618",
	url = "http://dl.acm.org/citation.cfm?id=2042974",
}

@article{HumanMobility2,
	title = "Walking Distance by Trip Purpose and Population Subgroups",
	author = "Yong Yang",
	journal = "PMC",
	year = "2013",
	doi = "10.1016/j.amepre.2012.03.015",
	url = "https://www.ncbi.nlm.nih.gov/pmc/articles/PMC3377942/pdf/nihms369465.pdf",
}

@article{HumanMobility3,
	title = "Most older pedestrians are unable to cross
	the road in time: a cross-sectional study",
	author = "LAURA ASHER",
	journal = "Oxford University Press",
	year = "2012",
	doi = "10.1093/ageing/afs076",
	url = "https://academic.oup.com/ageing/article/41/5/690/47318/Most-older-pedestrians-are-unable-to-cross-the",
}

@article{StopDet1,
	title = "Using GPS to Learn Significant Locations and Predict Movement Across Multiple Users",
	author = "Daniel Ashbrookm, Thad Starner",
	journal = "Personal and Ubiquitous Computing",
	year = "2003",
	url = "https://link.springer.com/article/10.1007/s00779-003-0240-0",
}

@article{StopDet2,
	title = "Mining Significant Places from Cell ID Trajectories: A Geo-grid based Approach",
	author = "Tengfei Bao",
	journal = "IEEE 13th International Conference on Mobile Data Management",
	year = "2012",
}

@online{clusteringDef,
	title = "Cluster analysis",
	url = "https://en.wikipedia.org/wiki/Cluster_analysis",
	urldate ="2017-06-16",
}

@online{dbscan_on_spark,
	author = "Irving Cordova",
	title = "DBSCAN on Spark",
	url = "https://github.com/irvingc/dbscan-on-spark",
	urldate ="2017-06-18",
}

@online{vis_dbscan_on_spark,
	author = "Irving Cordova",
	title = "Visualizing DBSCAN on Spark",
	url = "http://www.irvingc.com/visualizing-dbscan",
	urldate ="2017-06-18",
}


@online{spark,
	title = "Apache Spark",
	url = "https://spark.apache.org/",
	urldate = "2017-06-18",
}

@online{qis,
	title = "A Free and Open Source Geographic Information System",
	url = "http://www.qgis.org/en/site/",
	urldate = "2017-07-08",
}

@online{sbahn,
	title = "Architecture",
	url = "https://www.bvg.de/en/Company/Profile/Architecture",
	urldate = "2017-07-08",
}
@article{marzuoli2011two,
  title="Two perspectives on graph-based traffic flow management",
  author="Marzuoli, Aude and Popescu, Vlad and Feron, Eric",
  journal="First SESAR Innovation Days",
  year="2011",
}
@@inproceedings{zhu2013urban,
  title="Urban population migration pattern mining based on taxi trajectories",
  author="Zhu, Bing and Huang, Qixing and Guibas, Leonidas and Zhang, Lin",
  booktitle="3rd international workshop on mobile sensing: the future, brought to you by big sensor data, Philadelphia, USA",
  year="2013",
}
@@inproceedings{bischoff2015analysis,
  title="Analysis of Berlin's taxi services by exploring GPS traces",
  author="Bischoff, Joschka and Maciejewski, Michal and Sohr, Alexander",
  booktitle="Models and Technologies for Intelligent Transportation Systems (MT-ITS), 2015 International Conference on",
  pages="209--215",
  year="2015",
  organization="IEEE",
}
@article{ma2013deriving,
  title="Deriving operational origin-destination matrices from large scale mobile phone data",
  author="Ma, Jingtao and Li, Huan and Yuan, Fang and Bauer, Thomas",
  journal="International Journal of Transportation Science and Technology",
  volume="2",
  number="3",
  pages="183--204",
  year="2013",
  publisher="Elsevier",
}

@online{pythonQgis,
	title = "Macroscopic Movements Algorithms Prototypes",
	url = "https://github.com/mrow4a/macroscopic-movements-algorithm-prototypes",
}
@techreport{page1999pagerank,
  title="The PageRank citation ranking: Bringing order to the web.",
  author="Page, Lawrence and Brin, Sergey and Motwani, Rajeev and Winograd, Terry",
  year="1999",
  institution="Stanford InfoLab",
}

@online{leaflet, 
    title="Leaflet - an open-source JavaScript library
for mobile-friendly interactive maps",
    url="http://leafletjs.com/",
}

@online{macromovements, 
	title="Macromovements repository",
	url="https://gitlab.tubit.tu-berlin.de/gavil/MacroMovements",
}
